  <record>
    <leader>01782cas a2200409   4500</leader>
    <controlfield tag="001">21061</controlfield>
    <controlfield tag="005">20041119231703.0</controlfield>
    <controlfield tag="008">660524c19939999mduer p       0   |0eng b</controlfield>
    <datafield tag="022" ind1=" " ind2=" ">
      <subfield code="a">0009-7330</subfield>
    </datafield>
    <datafield tag="022" ind1=" " ind2=" ">
      <subfield code="a">1524-4571</subfield>
      <subfield code="9">EN</subfield>
      <subfield code="0">(Electronic)</subfield>
    </datafield>
    <datafield tag="041" ind1="0" ind2="9">
      <subfield code="a">eng</subfield>
    </datafield>
    <datafield tag="044" ind1=" " ind2=" ">
      <subfield code="9">United States</subfield>
    </datafield>
    <datafield tag="245" ind1="0" ind2="0">
      <subfield code="a">Circulation research</subfield>
      <subfield code="h">[electronic resource]</subfield>
    </datafield>
    <datafield tag="260" ind1=" " ind2=" ">
      <subfield code="a">Baltimore, Md.</subfield>
      <subfield code="b">Grune &amp; Stratton.</subfield>
    </datafield>
    <datafield tag="310" ind1=" " ind2=" ">
      <subfield code="a">Biweekly,</subfield>
      <subfield code="b">&lt;1998-&gt;</subfield>
    </datafield>
    <datafield tag="321" ind1=" " ind2=" ">
      <subfield code="a">Bimonthly,</subfield>
      <subfield code="b">1953-1961</subfield>
    </datafield>
    <datafield tag="321" ind1=" " ind2=" ">
      <subfield code="a">Monthly,</subfield>
      <subfield code="b">1962-&lt;1997&gt;</subfield>
    </datafield>
    <datafield tag="362" ind1="1" ind2=" ">
      <subfield code="a">v. 95 no. 5-12 (2004) -</subfield>
    </datafield>
    <datafield tag="510" ind1="1" ind2=" ">
      <subfield code="9">1</subfield>
      <subfield code="a">Index medicus</subfield>
      <subfield code="x">0019-3879</subfield>
      <subfield code="b">v17n4,Oct. 1965-</subfield>
    </datafield>
    <datafield tag="510" ind1="1" ind2=" ">
      <subfield code="9">1</subfield>
      <subfield code="a">MEDLINE</subfield>
      <subfield code="b">v17n4,Oct. 1965-</subfield>
    </datafield>
    <datafield tag="510" ind1="1" ind2=" ">
      <subfield code="9">1</subfield>
      <subfield code="a">PubMed</subfield>
      <subfield code="b">v17n4,Oct. 1965-</subfield>
    </datafield>
    <datafield tag="510" ind1="0" ind2=" ">
      <subfield code="a">OLDMEDLINE</subfield>
    </datafield>
    <datafield tag="525" ind1=" " ind2=" ">
      <subfield code="a">Has occasional supplements, Aug. 1964-</subfield>
    </datafield>
    <datafield tag="525" ind1=" " ind2=" ">
      <subfield code="a">Supplements for 1987-   also called: Circulation research monograph, no. 1-   ; some supplements also issued as: American Heart Association monograph, 1964-8.</subfield>
    </datafield>
    <datafield tag="550" ind1=" " ind2=" ">
      <subfield code="a">Journal of the American Heart Association.</subfield>
    </datafield>
    <datafield tag="580" ind1=" " ind2=" ">
      <subfield code="a">Includes v. &lt;9&gt;-11, 14-26 of: Hypertension (published as an issue of Circulation research, &lt;1961&gt;-1963, and as a supplement, 1966-1978), which is also available separately.</subfield>
    </datafield>
    <datafield tag="583" ind1=" " ind2=" ">
      <subfield code="3">Vol. 65, no. 3 (SEP 1989)</subfield>
      <subfield code="c">19900918</subfield>
      <subfield code="f">Notice published</subfield>
      <subfield code="l">Printed on acid-free paper</subfield>
    </datafield>
    <datafield tag="596" ind1=" " ind2=" ">
      <subfield code="a">27</subfield>
    </datafield>
    <datafield tag="650" ind1=" " ind2="2">
      <subfield code="a">Cardiovascular System</subfield>
    </datafield>
    <datafield tag="655" ind1=" " ind2="7">
      <subfield code="a">Periodicals</subfield>
      <subfield code="2">mesh</subfield>
    </datafield>
    <datafield tag="710" ind1="2" ind2=" ">
      <subfield code="a">American Heart Association.</subfield>
    </datafield>
    <datafield tag="730" ind1="0" ind2=" ">
      <subfield code="a">Hypertension.</subfield>
    </datafield>
    <datafield tag="730" ind1="0" ind2=" ">
      <subfield code="a">Circulation research monograph.</subfield>
    </datafield>
    <datafield tag="787" ind1="1" ind2=" ">
      <subfield code="t">Hypertension</subfield>
      <subfield code="x">0073-425X</subfield>
    </datafield>
    <datafield tag="787" ind1="1" ind2=" ">
      <subfield code="t">American Heart Association monograph</subfield>
      <subfield code="x">0065-8499</subfield>
    </datafield>
    <datafield tag="856" ind1="4" ind2=" ">
      <subfield code="z"> Available Online</subfield>
      <subfield code="u">https://normedproxy.lakeheadu.ca/login?url=http://gateway.ovid.com/ovidweb.cgi?T=JS&amp;MODE=ovid&amp;NEWS=n&amp;PAGE=toc&amp;D=ovft&amp;AN=00003012-000000000-00000</subfield>
    </datafield>
    <datafield tag="901" ind1=" " ind2=" ">
      <subfield code="a">a814607</subfield>
      <subfield code="b">Sirsi_Auto</subfield>
      <subfield code="c">814607</subfield>
    </datafield>
  </record>