
  <record>
    <leader>00836cas a2200229 a 4500</leader>
    <controlfield tag="001">01-0321871</controlfield>
    <controlfield tag="003">CaOEAGC</controlfield>
    <controlfield tag="005">20030131114944.0</controlfield>
    <controlfield tag="008">020104c20029999mdu r1p       0   a0eng c</controlfield>
    <datafield tag="022" ind1="0" ind2=" ">
      <subfield code="a">1098-7126</subfield>
    </datafield>
    <datafield tag="245" ind1="1" ind2="0">
      <subfield code="a">CIN Plus</subfield>
      <subfield code="b">[electronic resource]</subfield>
    </datafield>
    <datafield tag="260" ind1=" " ind2=" ">
      <subfield code="a">Hagerstown, MD :</subfield>
      <subfield code="b">Lippincott Williams &amp; Wilkins,</subfield>
      <subfield code="c">c2002-</subfield>
    </datafield>
    <datafield tag="596" ind1=" " ind2=" ">
      <subfield code="a">27</subfield>
    </datafield>
    <datafield tag="530" ind1="0" ind2=" ">
      <subfield code="a">Online version of the print publication.</subfield>
    </datafield>
    <datafield tag="538" ind1=" " ind2=" ">
      <subfield code="a">Mode of access: World Wide Web.</subfield>
    </datafield>
    <datafield tag="650" ind1="2" ind2="2">
      <subfield code="a">Nursing</subfield>
      <subfield code="v">Periodicals.</subfield>
    </datafield>
    <datafield tag="650" ind1="1" ind2="2">
      <subfield code="a">Computers</subfield>
      <subfield code="v">Periodicals.</subfield>
    </datafield>
    <datafield tag="650" ind1="2" ind2="2">
      <subfield code="a">Internet</subfield>
      <subfield code="v">Periodicals.</subfield>
    </datafield>
    <datafield tag="650" ind1="2" ind2="2">
      <subfield code="a">Nursing Care</subfield>
      <subfield code="v">Periodicals.</subfield>
    </datafield>
    <datafield tag="650" ind1=" " ind2="0">
      <subfield code="a">Nursing</subfield>
      <subfield code="x">Data processing</subfield>
      <subfield code="v">Periodicals.</subfield>
    </datafield>
    <datafield tag="856" ind1=" " ind2=" ">
      <subfield code="z">Available online</subfield>
      <subfield code="u">http://librweb.laurentian.ca/login?url=http://gateway.ovid.com/ovidweb.cgi?T=JS&amp;MODE=ovid&amp;NEWS=n&amp;PAGE=toc&amp;D=ovft&amp;AN=00128682-000000000-00000</subfield>
    </datafield>
    <datafield tag="901" ind1=" " ind2=" ">
      <subfield code="a">a814610</subfield>
      <subfield code="b">Sirsi_Auto</subfield>
      <subfield code="c">814610</subfield>
    </datafield>
  </record>