
  <record>
    <leader>01000cas a2200265   4500</leader>
    <controlfield tag="008">070927c20uu9999onc 4 p      f      eng u</controlfield>
    <datafield tag="022" ind1=" " ind2=" ">
      <subfield code="a">1913-1607</subfield>
    </datafield>
    <datafield tag="050" ind1=" " ind2="4">
      <subfield code="a">Q1</subfield>
      <subfield code="b">.A1 N73</subfield>
    </datafield>
    <datafield tag="245" ind1="0" ind2="0">
      <subfield code="a">NRC newslink =</subfield>
      <subfield code="b">Le CNRC a&#x300; l'oeuvre.</subfield>
    </datafield>
    <datafield tag="246" ind1="3" ind2="0">
      <subfield code="a">Neswlink.</subfield>
    </datafield>
    <datafield tag="246" ind1="3" ind2=" ">
      <subfield code="a">NRC news link.</subfield>
    </datafield>
    <datafield tag="300" ind1=" " ind2=" ">
      <subfield code="a">v. :</subfield>
      <subfield code="b">ill. ;</subfield>
      <subfield code="c">42 cm.</subfield>
    </datafield>
    <datafield tag="310" ind1=" " ind2=" ">
      <subfield code="a">Four times a year = Quatre nume&#x301;ros par anne&#x301;e.</subfield>
    </datafield>
    <datafield tag="599" ind1=" " ind2=" ">
      <subfield code="a">1</subfield>
      <subfield code="b">WIN 2009;</subfield>
      <subfield code="b">WIN 2008;</subfield>
      <subfield code="b">FALL 2008;</subfield>
    </datafield>
    <datafield tag="349" ind1=" " ind2=" ">
      <subfield code="a">Depository Services Canada/Services de de&#x301;po&#x302;t</subfield>
    </datafield>
    <datafield tag="362" ind1="0" ind2=" ">
      <subfield code="a">Spring 2007-  = Printemps 2007-</subfield>
    </datafield>
    <datafield tag="546" ind1=" " ind2=" ">
      <subfield code="a">Text in English and French bound back-to-back = Texte en franc&#x327;ais et en anglais dispose&#x301; te&#x302;te-be&#x302;che.</subfield>
    </datafield>
    <datafield tag="610" ind1="2" ind2="0">
      <subfield code="a">National Research Council Canada</subfield>
      <subfield code="v">Periodicals.</subfield>
    </datafield>
    <datafield tag="610" ind1="2" ind2="6">
      <subfield code="a">Conseil national de recherches Canada</subfield>
      <subfield code="v">Pe&#x301;riodiques.</subfield>
    </datafield>
    <datafield tag="650" ind1=" " ind2="0">
      <subfield code="a">Science</subfield>
      <subfield code="z">Canada</subfield>
      <subfield code="v">Periodicals.</subfield>
    </datafield>
    <datafield tag="650" ind1=" " ind2="6">
      <subfield code="a">Sciences</subfield>
      <subfield code="z">Canada</subfield>
      <subfield code="v">Pe&#x301;riodiques.</subfield>
    </datafield>
    <datafield tag="710" ind1="2" ind2=" ">
      <subfield code="a">National Research Council Canada.</subfield>
    </datafield>
    <datafield tag="710" ind1="2" ind2=" ">
      <subfield code="a">Conseil national de recherches Canada.</subfield>
    </datafield>
    <datafield tag="596" ind1=" " ind2=" ">
      <subfield code="a">1</subfield>
    </datafield>
    <datafield tag="901" ind1=" " ind2=" ">
      <subfield code="a">a814666</subfield>
      <subfield code="b">Sirsi_Auto</subfield>
      <subfield code="c">814666</subfield>
    </datafield>
  </record>