
  <record>
    <leader>01551cas a22003491a 4500</leader>
    <controlfield tag="005">20080411161253.0</controlfield>
    <controlfield tag="008">000411c20019999oncar4p      f0   a0fre d</controlfield>
    <datafield tag="022" ind1=" " ind2=" ">
      <subfield code="a">1700-8050</subfield>
    </datafield>
    <datafield tag="035" ind1=" " ind2=" ">
      <subfield code="a">(Sirsi) a814871</subfield>
    </datafield>
    <datafield tag="040" ind1=" " ind2=" ">
      <subfield code="d">UtOrBLW</subfield>
    </datafield>
    <datafield tag="050" ind1=" " ind2="4">
      <subfield code="a">HD9698.C2</subfield>
      <subfield code="b">A314</subfield>
    </datafield>
    <datafield tag="245" ind1="0" ind2="0">
      <subfield code="a">Rapport annuel de la Commission canadienne de su&#x302;rete&#x301; nucle&#x301;aire.</subfield>
    </datafield>
    <datafield tag="260" ind1=" " ind2=" ">
      <subfield code="a">Ottawa, Ont. :</subfield>
      <subfield code="b">Commission canadienne de su&#x302;rete&#x301; nucle&#x301;aire,</subfield>
      <subfield code="c">2001-</subfield>
    </datafield>
    <datafield tag="310" ind1=" " ind2=" ">
      <subfield code="a">Annuel.</subfield>
    </datafield>
    <datafield tag="362" ind1="1" ind2=" ">
      <subfield code="a">2000/2001-</subfield>
    </datafield>
    <datafield tag="500" ind1=" " ind2=" ">
      <subfield code="a">Titre de la couverture.</subfield>
    </datafield>
    <datafield tag="500" ind1=" " ind2=" ">
      <subfield code="a">Publie&#x301; aussi en anglais sous le titre: Annual report : Canadian Nuclear Safety Commission.</subfield>
    </datafield>
    <datafield tag="500" ind1=" " ind2=" ">
      <subfield code="a">Le&#x301;ge&#x300;re variante du titre.</subfield>
    </datafield>
    <datafield tag="500" ind1=" " ind2=" ">
      <subfield code="a">Nume&#x301;ros 2001/2002-2002/2003 comprennent e&#x301;galement le Rapport sur les de&#x301;libe&#x301;rations publiques et les de&#x301;cisions; 2003/2004- comprennent le Rapport annuel du tribunal de la Commission.</subfield>
    </datafield>
    <datafield tag="515" ind1=" " ind2=" ">
      <subfield code="a">L'anne&#x301;e d'activite&#x301; se termine le 31 mars.</subfield>
    </datafield>
    <datafield tag="530" ind1=" " ind2=" ">
      <subfield code="a">Disponible aussi en ligne.</subfield>
    </datafield>
    <datafield tag="596" ind1=" " ind2=" ">
      <subfield code="a">1</subfield>
    </datafield>
    <datafield tag="610" ind1="2" ind2="6">
      <subfield code="a">Commission canadienne de su&#x302;rete&#x301; nucle&#x301;aire</subfield>
      <subfield code="v">Pe&#x301;riodiques.</subfield>
    </datafield>
    <datafield tag="650" ind1=" " ind2="6">
      <subfield code="a">E&#x301;nergie nucle&#x301;aire</subfield>
      <subfield code="z">Canada</subfield>
      <subfield code="v">Pe&#x301;riodiques.</subfield>
    </datafield>
    <datafield tag="710" ind1="2" ind2=" ">
      <subfield code="a">Commission canadienne de su&#x302;rete&#x301; nucle&#x301;aire.</subfield>
    </datafield>
    <datafield tag="740" ind1="0" ind2="2">
      <subfield code="a">Rapport annuel de la CCSN.</subfield>
    </datafield>
    <datafield tag="740" ind1="0" ind2="2">
      <subfield code="a">Rapport sur les de&#x301;libe&#x301;rations publiques et les de&#x301;cisions.</subfield>
    </datafield>
    <datafield tag="740" ind1="0" ind2="2">
      <subfield code="a">Rapport annuel du tribunal de la Commission.</subfield>
    </datafield>
    <datafield tag="780" ind1="0" ind2="0">
      <subfield code="a">Canada. Commission de contro&#x302;le de l'e&#x301;nergie atomique. Rapport annuel de la CCEA.</subfield>
    </datafield>
    <datafield tag="599" ind1=" " ind2=" ">
      <subfield code="a">1</subfield>
      <subfield code="b">2004/2005;</subfield>
    </datafield>
    <datafield tag="349" ind1=" " ind2=" ">
      <subfield code="a">Depository Services Canada/Services de de&#x301;po&#x302;t</subfield>
    </datafield>
    <datafield tag="901" ind1=" " ind2=" ">
      <subfield code="a">a814871</subfield>
      <subfield code="b">Sirsi_Auto</subfield>
      <subfield code="c">814871</subfield>
    </datafield>
  </record>