
  <record>
    <leader>01463cas a22003371a 4500</leader>
    <controlfield tag="001">01-0309208</controlfield>
    <controlfield tag="005">20020925085218.0</controlfield>
    <controlfield tag="008">000411c20019999oncar4p      f0   a0eng d</controlfield>
    <datafield tag="022" ind1="0" ind2=" ">
      <subfield code="a">1700-8042</subfield>
    </datafield>
    <datafield tag="050" ind1=" " ind2="4">
      <subfield code="a">HD9698.C2</subfield>
      <subfield code="b">A3</subfield>
    </datafield>
    <datafield tag="245" ind1="1" ind2="0">
      <subfield code="a">Annual report :</subfield>
      <subfield code="b">Canadian Nuclear Safety Commission.</subfield>
    </datafield>
    <datafield tag="260" ind1=" " ind2=" ">
      <subfield code="a">Ottawa, Ont. :</subfield>
      <subfield code="b">Canadian Nuclear Safety Commission,</subfield>
      <subfield code="c">2001-</subfield>
    </datafield>
    <datafield tag="310" ind1=" " ind2=" ">
      <subfield code="a">Annual.</subfield>
    </datafield>
    <datafield tag="599" ind1=" " ind2=" ">
      <subfield code="a">1</subfield>
      <subfield code="b">2004/2005;</subfield>
    </datafield>
    <datafield tag="349" ind1=" " ind2=" ">
      <subfield code="a">Depository Services Canada/Services de de&#x301;po&#x302;t</subfield>
    </datafield>
    <datafield tag="362" ind1="1" ind2=" ">
      <subfield code="a">2000/2001-</subfield>
    </datafield>
    <datafield tag="500" ind1=" " ind2=" ">
      <subfield code="a">Title from cover.</subfield>
    </datafield>
    <datafield tag="500" ind1=" " ind2=" ">
      <subfield code="a">Issued also in French under title: Rapport annuel de la Commission canadienne de su&#x302;rete&#x301; nucle&#x301;aire.</subfield>
    </datafield>
    <datafield tag="500" ind1=" " ind2=" ">
      <subfield code="a">Title varies slightly.</subfield>
    </datafield>
    <datafield tag="500" ind1=" " ind2=" ">
      <subfield code="a">Issues for 2001/2002-2002/2003 include the Commission's Report on public proceedings and decisions, 2001/2002-2002/2003, on inverted pages; 2003/2004- include the Commission's Annual report of the Commission Tribunal, 2003/2004- , on inverted pages.</subfield>
    </datafield>
    <datafield tag="515" ind1=" " ind2=" ">
      <subfield code="a">Report year ends Mar. 31.</subfield>
    </datafield>
    <datafield tag="530" ind1=" " ind2=" ">
      <subfield code="a">Also available online.</subfield>
    </datafield>
    <datafield tag="596" ind1=" " ind2=" ">
      <subfield code="a">1</subfield>
    </datafield>
    <datafield tag="610" ind1="2" ind2="0">
      <subfield code="a">Canadian Nuclear Safety Commission</subfield>
      <subfield code="v">Periodicals.</subfield>
    </datafield>
    <datafield tag="650" ind1=" " ind2="0">
      <subfield code="a">Nuclear energy</subfield>
      <subfield code="z">Canada</subfield>
      <subfield code="v">Periodicals.</subfield>
    </datafield>
    <datafield tag="710" ind1="2" ind2=" ">
      <subfield code="a">Canadian Nuclear Safety Commission.</subfield>
    </datafield>
    <datafield tag="740" ind1="0" ind2="2">
      <subfield code="a">CNSC annual report.</subfield>
    </datafield>
    <datafield tag="740" ind1="0" ind2="2">
      <subfield code="a">Report on public proceedings and decisions.</subfield>
    </datafield>
    <datafield tag="740" ind1="0" ind2="2">
      <subfield code="a">Annual report of the Commission Tribunal.</subfield>
    </datafield>
    <datafield tag="780" ind1="0" ind2="0">
      <subfield code="a">Canada. Atomic Energy Control Board. AECB annual report, 1493-5872.</subfield>
    </datafield>
    <datafield tag="901" ind1=" " ind2=" ">
      <subfield code="a">a814872</subfield>
      <subfield code="b">Sirsi_Auto</subfield>
      <subfield code="c">814872</subfield>
    </datafield>
  </record>