
  <record>
    <leader>00999cas a22002530a 4500</leader>
    <controlfield tag="005">20080411161258.0</controlfield>
    <controlfield tag="008">990623c19989999qucuu p            0fre  </controlfield>
    <datafield tag="022" ind1=" " ind2=" ">
      <subfield code="a">1481-5869</subfield>
    </datafield>
    <datafield tag="035" ind1=" " ind2=" ">
      <subfield code="a">(Sirsi) s1481-5869</subfield>
    </datafield>
    <datafield tag="040" ind1=" " ind2=" ">
      <subfield code="a">BNQ</subfield>
      <subfield code="b">fre$dOOU</subfield>
      <subfield code="d">UtOrBLW</subfield>
    </datafield>
    <datafield tag="043" ind1=" " ind2=" ">
      <subfield code="a">n-cn-qu</subfield>
    </datafield>
    <datafield tag="099" ind1=" " ind2=" ">
      <subfield code="a">FC 2901 .G56</subfield>
    </datafield>
    <datafield tag="245" ind1="0" ind2="0">
      <subfield code="a">Globe :</subfield>
      <subfield code="b">revue internationale d'e&#x301;tudes que&#x301;be&#x301;coises.</subfield>
    </datafield>
    <datafield tag="260" ind1=" " ind2=" ">
      <subfield code="a">Montre&#x301;al, Que&#x301; :</subfield>
      <subfield code="b">Programme d'E&#x301;tudes sur le Que&#x301;bec de l'Universite&#x301; McGill,</subfield>
      <subfield code="c">1998-</subfield>
    </datafield>
    <datafield tag="300" ind1=" " ind2=" ">
      <subfield code="a">v. :</subfield>
      <subfield code="b">ill. ;</subfield>
      <subfield code="c">25 cm.</subfield>
    </datafield>
    <datafield tag="362" ind1="0" ind2=" ">
      <subfield code="a">[Vol. 1], no 1 (1998)-</subfield>
    </datafield>
    <datafield tag="500" ind1=" " ind2=" ">
      <subfield code="a">Chaque livraison porte e&#x301;galement un titre distinct.</subfield>
    </datafield>
    <datafield tag="515" ind1=" " ind2=" ">
      <subfield code="a">La livraison no 1 (1999)-   e&#x301;galement nume&#x301;rote&#x301; vol. 2-</subfield>
    </datafield>
    <datafield tag="596" ind1=" " ind2=" ">
      <subfield code="a">1</subfield>
    </datafield>
    <datafield tag="651" ind1=" " ind2="6">
      <subfield code="a">Que&#x301;bec (Province)</subfield>
      <subfield code="x">Recherche</subfield>
      <subfield code="x">Pe&#x301;riodiques.</subfield>
    </datafield>
    <datafield tag="651" ind1=" " ind2="6">
      <subfield code="a">Que&#x301;bec (Province)</subfield>
      <subfield code="x">E&#x301;tude et enseignement (Supe&#x301;rieur)</subfield>
      <subfield code="x">Pe&#x301;riodiques.</subfield>
    </datafield>
    <datafield tag="710" ind1="2" ind2=" ">
      <subfield code="a">McGill University.</subfield>
      <subfield code="b">Programme d'E&#x301;tudes sur le Que&#x301;bec.</subfield>
    </datafield>
    <datafield tag="599" ind1=" " ind2=" ">
      <subfield code="a">1</subfield>
      <subfield code="b">V. 11 NO. 2 2008;</subfield>
      <subfield code="b">V. 10/11 NO. 2/1 2007/2008;</subfield>
      <subfield code="b">V. 9 NO. 2 2006;</subfield>
    </datafield>
    <datafield tag="901" ind1=" " ind2=" ">
      <subfield code="a">a815076</subfield>
      <subfield code="b">Sirsi_Auto</subfield>
      <subfield code="c">815076</subfield>
    </datafield>
  </record>