
  <record>
    <leader>01015cas a22003135a 4500</leader>
    <controlfield tag="003">CaQMU</controlfield>
    <controlfield tag="005">20080411161258.0</controlfield>
    <controlfield tag="008">970127m19959999qucqr p           a0fre u</controlfield>
    <datafield tag="010" ind1=" " ind2=" ">
      <subfield code="a">cn 96301373</subfield>
    </datafield>
    <datafield tag="022" ind1="0" ind2=" ">
      <subfield code="a">1203-2719</subfield>
    </datafield>
    <datafield tag="035" ind1=" " ind2=" ">
      <subfield code="a">(Sirsi) a815094</subfield>
    </datafield>
    <datafield tag="035" ind1=" " ind2=" ">
      <subfield code="a">(CaOEAGC)53426191</subfield>
    </datafield>
    <datafield tag="040" ind1=" " ind2=" ">
      <subfield code="a">CaOONL</subfield>
      <subfield code="b">fre</subfield>
      <subfield code="c">CaOONL</subfield>
      <subfield code="d">UtOrBLW</subfield>
    </datafield>
    <datafield tag="041" ind1="0" ind2=" ">
      <subfield code="a">freeng</subfield>
    </datafield>
    <datafield tag="042" ind1=" " ind2=" ">
      <subfield code="a">nlc</subfield>
      <subfield code="a">isds/c</subfield>
    </datafield>
    <datafield tag="043" ind1=" " ind2=" ">
      <subfield code="a">n-cn-qu</subfield>
    </datafield>
    <datafield tag="055" ind1="0" ind2="1">
      <subfield code="a">RC423</subfield>
    </datafield>
    <datafield tag="082" ind1="0" ind2=" ">
      <subfield code="a">616.85/5/005</subfield>
      <subfield code="2">20</subfield>
    </datafield>
    <datafield tag="245" ind1="0" ind2="0">
      <subfield code="a">Fre&#x301;quences :</subfield>
      <subfield code="b">revue de l'ordre des orthophonistes et audiologistes du Que&#x301;bec.</subfield>
    </datafield>
    <datafield tag="260" ind1=" " ind2=" ">
      <subfield code="a">Montre&#x301;al, Que&#x301; :</subfield>
      <subfield code="b">Ordre des orthophonistes et audiologistes du Que&#x301;bec,</subfield>
      <subfield code="c">1993-</subfield>
    </datafield>
    <datafield tag="300" ind1=" " ind2=" ">
      <subfield code="a">v. :</subfield>
      <subfield code="b">ill. ;</subfield>
      <subfield code="c">28 cm.</subfield>
    </datafield>
    <datafield tag="310" ind1=" " ind2=" ">
      <subfield code="a">Trimestriel.</subfield>
    </datafield>
    <datafield tag="362" ind1="0" ind2=" ">
      <subfield code="a">Vol. 6, no 1 (oct. 1993)-    .</subfield>
    </datafield>
    <datafield tag="500" ind1=" " ind2=" ">
      <subfield code="a">Titre de la couv.</subfield>
    </datafield>
    <datafield tag="546" ind1=" " ind2=" ">
      <subfield code="a">Texte en franc&#x327;ais, parfois en anglais.</subfield>
    </datafield>
    <datafield tag="596" ind1=" " ind2=" ">
      <subfield code="a">1</subfield>
    </datafield>
    <datafield tag="710" ind1="2" ind2=" ">
      <subfield code="a">Ordre des orthophonistes et audiologistes du Que&#x301;bec.</subfield>
    </datafield>
    <datafield tag="599" ind1=" " ind2=" ">
      <subfield code="a">1</subfield>
      <subfield code="b">V. 19 NO. 2 SEP 2007;</subfield>
      <subfield code="b">V. 19 NO. 1 MAY 2007;</subfield>
      <subfield code="b">V. 18 NO. 4 FEB 2007;</subfield>
    </datafield>
    <datafield tag="901" ind1=" " ind2=" ">
      <subfield code="a">a815094</subfield>
      <subfield code="b">Sirsi_Auto</subfield>
      <subfield code="c">815094</subfield>
    </datafield>
  </record>

